@article{5386906,
  author  = {Hailpern, B. and Santhanam, P.},
  journal = {IBM Systems Journal},
  title   = {Software debugging, testing, and verification},
  year    = {2002},
  volume  = {41},
  number  = {1},
  pages   = {4-12},
  _doi    = {10.1147/sj.411.0004}
}

@techreport{Britton_reversibledebugging,
  title        = {Quantify the time and cost saved using reversible debuggers},
  author       = {Britton, Tom and Jeng, Lisa and Carver, Graham and Cheak, Paul},
  year         = {2012},
  institution  = {Cambridge Judge Business School},
  _institution = {Technical report, Cambridge Judge Business School}
}

@inproceedings{chen2017contract,
  title={Contract-based program repair without the contracts},
  author={Chen, Liushan and Pei, Yu and Furia, Carlo A},
  booktitle={2017 32nd IEEE/ACM International Conference on Automated Software Engineering (ASE)},
  pages={637--647},
  year={2017},
  organization={IEEE}
}

@inproceedings{gazzola2018automatic,
  title={Automatic software repair: A survey},
  author={Gazzola, Luca and Micucci, Daniela and Mariani, Leonardo},
  booktitle={Proceedings of the 40th International Conference on Software Engineering},
  pages={1219--1219},
  year={2018}
}

@inproceedings{ghanbari2019practical,
  title={Practical program repair via bytecode mutation},
  author={Ghanbari, Ali and Benton, Samuel and Zhang, Lingming},
  booktitle={Proceedings of the 28th ACM SIGSOFT International Symposium on Software Testing and Analysis},
  pages={19--30},
  year={2019}
}

@article{goues2019automated,
  title={Automated program repair},
  author={Goues, Claire Le and Pradel, Michael and Roychoudhury, Abhik},
  journal={Communications of the ACM},
  volume={62},
  number={12},
  pages={56--65},
  year={2019},
  publisher={ACM New York, NY, USA}
}

% kgenprog
@inproceedings{higo2018kgenprog,
  author    = {Y. {Higo} and S. {Matsumoto} and R. {Arima} and A. {Tanikado} and K. {Naitou} and J. {Matsumoto} and Y. {Tomida} and S. {Kusumoto}},
  booktitle = {Proc. Asia-Pacific Software Engineering Conference},
  title     = {{kGenProg: A High-Performance, High-Extensibility and High-Portability APR System}},
  year      = {2018},
  pages     = {697-698}
}

@article{id692,
         title = { 変更コード片の動的切替による自動プログラム修正のビルド時間削減の試み},
        author = {古藤寛大 and 肥後芳樹 and \UTF{67D7}本真佑 and 楠本真二},
       journal = {電子情報通信学会技術研究報告},
        volume = {120},
        number = {407},
         pages = {19-24},
         month = {2},
          year = {2021},
}

@inproceedings{just2014defects4j,
  title={Defects4J: A database of existing faults to enable controlled testing studies for Java programs},
  author={Just, Ren{\'e} and Jalali, Darioush and Ernst, Michael D},
  booktitle={Proceedings of the 2014 international symposium on software testing and analysis},
  pages={437--440},
  year={2014}
}

@article{le2011genprog,
  title   = {{GenProg: A Generic Method for Automatic Software Repair}},
  author  = {Goues, Claire Le and Nguyen, ThanhVu and Forrest, Stephanie and Weimer, Westley},
  journal = {IEEE Transactions on Software Engineering},
  volume  = {38},
  number  = {1},
  pages   = {54--72},
  year    = {2012}
}

@article{le2013current,
  title={Current challenges in automatic software repair},
  author={Le Goues, Claire and Forrest, Stephanie and Weimer, Westley},
  journal={Software quality journal},
  volume={21},
  pages={421--443},
  year={2013},
  publisher={Springer}
}

@article{martinez2019astor,
  title={Astor: Exploring the design space of generate-and-validate program repair beyond GenProg},
  author={Martinez, Matias and Monperrus, Martin},
  journal={Journal of Systems and Software},
  volume={151},
  pages={65--80},
  year={2019},
  publisher={Elsevier}
}

@inproceedings{smith2015cure,
  title={Is the cure worse than the disease? overfitting in automated program repair},
  author={Smith, Edward K and Barr, Earl T and Le Goues, Claire and Brun, Yuriy},
  booktitle={Proceedings of the 2015 10th Joint Meeting on Foundations of Software Engineering},
  pages={532--543},
  year={2015}
}


@inproceedings{tomida2019visualizing,
  title={Visualizing code genealogy: How code is evolutionarily fixed in program repair?},
  author={Tomida, Yuya and Higo, Yoshiki and Matsumoto, Shinsuke and Kusumoto, Shinji},
  booktitle={2019 working conference on software visualization (VISSOFT)},
  pages={23--27},
  year={2019},
  organization={IEEE}
}
